=LDR  06725cam a2200865   4500
=001  000823796
=003  Uk
=005  20230421174553.0
=008  940811s1659\\\\enk\\\\\\\\\\o000\0\eng\c
=FMT  \\$a  BK
=019  x\$a0731300130
=035  \\$a(Uk-ES)006117947
=035  \\$a(CU-RivES)R211189
=040  \\$aCU-RivES$cCU-RivES$dCStRLIN$dCU-RivES$edcrb
=110  1\$aEngland and Wales.$bLord Protector (1658-1660 : R. Cromwell)
=245  10$aHis late Highnes's letter to the Parlament [sic] of England.$bShewing his willingness to submit to this present government: attested under his owne hand, and read in the House on Wednesday the 25th of May 1659.
=246  30$aHis late Highnes's letter to the Parliament of England. Shewing his willingness to submit to this present government
=264  \1$aLondon :$bprinted by D. Maxwell,$c1659.
=300  \\$a1 sheet ([1] p.) ;$c38x30 cm (1⁰)
=336  \\$atext$2rdacontent
=337  \\$aunmediated$2rdamedia
=338  \\$asheet$2rdacarrier
=340  \\$mfolio$2rdabf
=500  \\$aSigned: Richard Cromwell.
=500  \\$aSteele notation: were and in.
=500  \\$aWoodcut headpiece.
=510  4\$aWing (CD-ROM, 1996),$cC7185
=510  4\$aThomason,$c669.f.21[39]
=510  4\$aSteele,$cI, 3115
=533  \\$aAvailable on microfilm.$bAnn Arbor, Mich.: University Microfilms,$d1980. 1 microfilm reel$c35 mm.$f(Thomason Tracts: 247:669.f.21[39]).
=533  \\$aAvailable on microfilm.$bAnn Arbor, Mich. :$cUMI,$d1998.$e1 microfilm reel ; 35 mm.$f(Early English books; Tract supplement ; C23:2(21.b.16[42])).
=533  \\$aAvailable on microfilm.$bAnn Arbor, Mich. :$cUMI,$d1999.$e1 microfilm reel ; 35 mm.$f(Early English books, 1641-1700 ; 2607:18)$7s1999 miun a
=510  4\$aESTC,$cR211189
=655  \7$aBroadsides.$2rbgenr
=600  10$aCromwell, Richard,$d1626-1712$vEarly works to 1800.
=600  10$aCromwell, Richard,$d1626-1712.
=651  \0$aGreat Britain$xHistory$yCommonwealth and Protectorate, 1649-1660$vEarly works to 1800.
=651  \0$aGreat Britain$xPolitics and government$y1649-1660$vEarly works to 1800.
=752  \\$aGreat Britain$bEngland$dLondon.
=700  1\$aCromwell, Richard,$d1626-1712$4aut
=700  1\$aMaxwell, David,$d-approximately 1665,$eprinter.
=752  \\$aGreat Britain$bEngland$dLondon.
=856  41$uhttp://gateway.proquest.com/openurl?ctx_ver=Z39.88-2003&res_id=xri:eebo&rft_val_fmt=&rft_id=xri:eebo:image:172014$yEarly English Books Online (EEBO)$xEEBO Bib ID: ocm43663267$zReproduction of original in: Bodleian Library.
=852  41$aBritish Library$bHMNTS$jHS.74/1052.(60)$qCopy at HS.74/1052.(60). Imperfect: damaged at foot, affecting imprint
=852  41$aBritish Library$bHMNTS$jG.3805.(33)
=852  41$aBritish Library$bHMNTS$j21.b.16.(42.)$3[Another copy.]***Cropped.
=852  41$aBritish Library$bHMNTS$j669.f.21.(39)
=985  \\$aUpgraded by BSS-generated file for WR1910-0531
=985  \\$aEEBOMATCH20100930$d9/30/2010$inCU-RivES
=CAT  \\$aCONV$b00$c20040502$lBLL01$h0906
=CAT  \\$c20050717$lBLL01$h1331
=CAT  \\$a5194$b40$c20080305$lBLL01$h0829
=CAT  \\$aBATCH$b00$c20091127$lBLL01$h0032
=CAT  \\$aWR11_211$c20120511$lBLL01$h1802
=CAT  \\$aBLSS-CORR$b00$c20120511$lBLL01$h1805
=CAT  \\$aBATCH-UPD$b00$c20170316$lBLL01$h1020
=CAT  \\$aW1807-1331$c20180720$lBLL01$h1702
=CAT  \\$a1805-0738$c20180921$lBLL01$h1822
=CAT  \\$a1805-0738$b00$c20180921$lBLL01$h1902
=CAT  \\$aW1910-0531$b00$c20200313$lBLL01$h1814
=CAT  \\$a2225$b40$c20201201$lBLL01$h1517
=CAT  \\$a2225$b40$c20201201$lBLL01$h1518
=CAT  \\$aW2012-0338$b00$c20201209$lBLL01$h1912
=CAT  \\$aW2012-0338$c20210127$lBLL01$h1129
=CAT  \\$aW2012-0338$c20210127$lBLL01$h1223
=CAT  \\$a2225$b40$c20230421$lBLL01$h1745
=FIN  \\$aY
=LEO  \\$aMP1.0000870472
=LKR  \\$aPAR$b000823797$lBLL01$r775$mHis Late Highnes's Letter to the Parlament of England. Shewing his willingness to submit to this present government: attested under his own hand, and read in the House on Wednesday the 25th of May 1659. [London, 1659]$n[His Late Highnes's Letter to the Parlament of England. Shewing his willingness to submit to this present government: attested under his own hand, and read in the House on Wednesday the 25th of May 1659. [[ 1744] [In: Harleian Miscellany. The Harleian Miscellany, etc. vol. 1. 1744]
=LKR  \\$aPAR$b000823798$lBLL01$r775$mHis Late Highnes's Letter to the Parlament of England. Shewing his willingness to submit to this present government: attested under his own hand, and read in the House on Wednesday the 25th of May 1659. [London, 1659]$n[His Late Highnes's Letter to the Parlament of England. Shewing his willingness to submit to this present government: attested under his own hand, and read in the House on Wednesday the 25th of May 1659.] [[1752] [In: Somers (John) Baron Somers. A Fourth Collection of Scarce and Valuable Tracts, etc. vol. 3. 1752]
=LKR  \\$aPAR$b000823799$lBLL01$r775$mHis Late Highnes's Letter to the Parlament of England. Shewing his willingness to submit to this present government: attested under his own hand, and read in the House on Wednesday the 25th of May 1659. [London, 1659]$nHis Late Highnes's Letter to the Parlament of England. Shewing his willingness to submit to this present government: attested under his own hand, and read in the House on Wednesday the 25th of May 1659. [In: The Harleian Miscellany, etc. London, 1808-13. vol. 1 (1808).]
=LKR  \\$aPAR$b000823800$lBLL01$r775$mHis Late Highnes's Letter to the Parlament of England. Shewing his willingness to submit to this present government: attested under his own hand, and read in the House on Wednesday the 25th of May 1659. [London, 1659]$n[His Late Highnes's Letter to the Parlament of England. Shewing his willingness to submit to this present government: attested under his own hand, and read in the House on Wednesday the 25th of May 1659.] [[1808] [In: Harleian Miscellany. The Harleian Miscellany, etc. vol. 1. 1808]
=LKR  \\$aPAR$b000823801$lBLL01$r775$mHis Late Highnes's Letter to the Parlament of England. Shewing his willingness to submit to this present government: attested under his own hand, and read in the House on Wednesday the 25th of May 1659. [London, 1659]$n[His Late Highnes's Letter to the Parlament of England. Shewing his willingness to submit to this present government: attested under his own hand, and read in the House on Wednesday the 25th of May 1659.] [[1811] In: Somers (John) Baron Somers. A Collection of Scarce and Valuable Tracts, etc. vol. 6. 1809]
=SRC  \\$aBLS01$bbibmp1.200404.2.aa
=LAS  \\$a2225$b40$c20230421$lBLL01$h1745

