=LDR  04132cam a2200805   4500
=001  001105294
=003  Uk
=005  20230517133027.0
=008  850930s1683\\\\enkcf\\\\\\\\o001\0|fre\c
=FMT  \\$a  BK
=019  x\$a0973610204
=035  \\$a(CU-RivES)R21830
=040  \\$aCU-RivES$cCU-RivES$dCStRLIN$dCU-RivES$dUk-ES$edcrmb
=110  1\$aEngland and Wales.$bCourt of Common Pleas.
=245  14$aLes reports des tres honorable Edw. Seigneur Littleton, Baron de Mounslow, custos de le grand seale d'Angliteur,$bet de ses Majesty pluis Honourable Privy Councel, en le courts del common bank & exchequer, en le 2, 3, 4, 5, 6, 7 ans del reign de Roy Charles le I.
=264  \1$aLondon :$bprinted by W. Rawlins, S. Roycroft, and H. Sawbridge, assigns of Richard and Edward Atkins Esquires. For Thomas Bassett, Samuel Heyrick, William Crooke, and William Hensman,$cMDCLXXXIII. [1683]
=300  \\$a[10], 376, [20] p., [1] leaf of plates :$bport. ;$c(2⁰)
=336  \\$atext$2rdacontent
=337  \\$aunmediated$2rdamedia
=338  \\$avolume$2rdacarrier
=340  \\$mfolio$2rdabf
=500  \\$a"A volume of law reports published under Littleton's name in 1683 may have been owned by him, but he is unlikely to have been the author"--Oxford Dictionary of National Biography.
=500  \\$aImprimatur signed: "Fra. North C.S.".
=500  \\$aEngraved frontispiece portrait of the author, signed "R. White. sculp."
=500  \\$aIndex: p. [7]-[10] at front and [20] p. at end.
=500  \\$aMarginal notes.
=500  \\$aMostly black letter with some roman.
=500  \\$aSignatures: [A]² [superscript pi]B1 b² B-3B⁴ 3C-3G².
=510  4\$aWing (CD-ROM, 1996),$cL2583
=510  4\$aArber, E. Term catalogues, 1668-1709 A.D,$cvol. 2, p. 29
=510  4\$aESTC,$cR21830
=650  \0$aLaw reports, digests, etc.$zGreat Britain$vEarly works to 1800.
=655  \7$aLegal works.$2rbgenr
=700  1\$aLittleton, Edward Littleton,$cLord,$d1589-1645,$eattributed name.
=700  1\$aWhite, Robert,$d1645-1703,$eengraver.
=700  1\$aRawlins, William,$eprinter.
=700  1\$aRoycroft, Samuel,$eprinter.
=700  1\$aSawbridge, H.$q(Hannah),$eprinter.
=700  1\$aBassett, Thomas$c(Bookseller),$ebookseller.
=700  1\$aHeyrick, Samuel,$ebookseller.
=700  1\$aCrooke, William,$ebookseller.
=700  1\$aHensman, William,$dactive 1671-1700,$ebookseller.
=700  1\$aHargrave, Francis,$d1741?-1821,$eformer owner.$5Uk
=700  1\$aHargrave, Francis,$d1741?-1821.$tBooks with MS. notes by Francis Hargrave.
=710  2\$aAssigns of Richard and Edward Atkins,$eprinter.
=710  1\$aEngland and Wales.$bCourt of Exchequer.
=752  \\$aGreat Britain$bEngland$dLondon.
=883  0\$aLanguage codes assigned by Bayesian analysis of words present in record$d20201028$qUk$c0.9010
=856  41$uhttp://gateway.proquest.com/openurl?ctx_ver=Z39.88-2003&res_id=xri:eebo&rft_val_fmt=&rft_id=xri:eebo:image:64450$yEarly English Books Online (EEBO)$xEEBO Bib ID: ocm12618758$zReproduction of original in Cambridge University Library.
=852  41$aBritish Library$bHMNTS$j510.k.5.$qCopy at 510.k.5. Imperfect: wanting the portrait.
=985  \\$aCorrected by MS generated file for WR# 11/211
=985  \\$aCorrected by MS generated file for WR# 1805-0738
=CAT  \\$aCONV$b00$c20040502$lBLL01$h0914
=CAT  \\$aBATCH-UPD$b00$c20090427$lBLL01$h1213
=CAT  \\$a12179$b40$c20090427$lBLL01$h1307
=CAT  \\$a12179$b40$c20090427$lBLL01$h1308
=CAT  \\$aBATCH$b00$c20091128$lBLL01$h1843
=CAT  \\$a4039$b40$c20100126$lBLL01$h1413
=CAT  \\$aWR11_211$c20140116$lBLL01$h1739
=CAT  \\$aBLSS-CORR$b00$c20140116$lBLL01$h1803
=CAT  \\$aW1807-1331$c20180720$lBLL01$h1706
=CAT  \\$a1805-0738$c20180928$lBLL01$h1818
=CAT  \\$a1805-0738$b00$c20180928$lBLL01$h1857
=CAT  \\$aW2201-1476$b00$c20220128$lBLL01$h1836
=CAT  \\$a12121$b40$c20230517$lBLL01$h1329
=CAT  \\$a12121$b40$c20230517$lBLL01$h1330
=FIN  \\$aY
=LEO  \\$aMP1.0001161477
=SRC  \\$aBLS01$bbibmp1.200404.2.ab
=LAS  \\$a12121$b40$c20230517$lBLL01$h1330

