=LDR  04231cam a2200697   4500
=001  000159656
=003  Uk
=005  20191016152300.0
=008  870225s1660\\\\enkcf\\\\\\\\\000\0\eng\c
=FMT  \\$a  BK
=019  x\$a0153230215
=035  \\$a(CU-RivES)R35297
=040  \\$aCU-RivES$cCU-RivES$dCStRLIN$dUk-ES$edcrb
=100  1\$aPhilipps, Fabian,$d1601-1690.
=240  10$aKing Charles the First, no man of blood: but a martyr for his people
=245  14$aThe royall martyr. Or, King Charles the First no man of blood but a martyr for his people.$bBeing a brief account of his actions from the beginnings of the late unhappy warrs, untill he was basely butchered to the odium of religion, and scorn of all nations, before his pallace at White-Hall, Jan. 30. 1648. To which is added, A short history of His Royall Majesty Charles the Second, King of England, Scotland, France, and Ireland, defender of the faith, &c. Third monarch of Great Brittain.
=246  3\$aExact list of the names of those pretended judges
=246  3\$aShort history of His Royall Majesty
=246  3\$aKing Charles the First no man of blood but a martyr for his people
=264  \1$aLondon :$bprinted for Henry Bell, and are to be sold by most book sellers,$c1660.
=300  \\$a[6], 207, 210-224 p., [1] plate :$bports. ;$c17 cm (8⁰)
=336  \\$atext$2rdacontent
=337  \\$aunmediated$2rdamedia
=338  \\$avolume$2rdacarrier
=340  \\$m8vo$2rdabf
=500  \\$aAnonymous. By Fabian Philipps.
=500  \\$aDedication signed: W.H.B.
=500  \\$aThe first leaf is blank.
=500  \\$a"An exact list of the names of those pretended judges" and "A short history of His Royall Majesty" each have separate dated title page; pagination and register are continuous.
=500  \\$aOriginally published in 1649 as: King Charles the First, no man of blood: but a martyr for his people.
=500  \\$aSignatures: pi⁴ A-N⁸ O⁸(-O8).
=510  4\$aWing (2nd ed.),$cP2018A
=533  \\$aAvailable on microfilm.$bAnn Arbor, Mich.$cUniversity Microfilms International,$d1981, 1990. 2 microfilm reels ; 35mm.$f(Early English books, 1641-1700; 1139:29; 2109:07).
=600  00$aCharles$bI,$cKing of England,$d1600-1649.
=600  00$aGreat Britain$xHistory$xCharles I, 1625-1649$vEarly works to 1800.
=648  \7$a1641-1700$2local
=700  1\$aGrenville, Thomas,$d1755-1846,$eformer owner.$5Uk
=752  \\$aGreat Britain$bEngland$dLondon.
=856  41$uhttp://gateway.proquest.com/openurl?ctx_ver=Z39.88-2003&res_id=xri:eebo&rft_val_fmt=&rft_id=xri:eebo:image:39279$yEarly English Books Online (EEBO)$xEEBO Bib ID: 99834761$zReproduction of originals at the University of Illinois (Urbana-Champaign Campus). Library and the Union Theoligcal Seminary Library, New York.
=856  41$uhttp://gateway.proquest.com/openurl?ctx_ver=Z39.88-2003&res_id=xri:eebo&rft_val_fmt=&rft_id=xri:eebo:image:39280$yEarly English Books Online (EEBO)$xEEBO Bib ID: 99834761$zReproduction of originals at the University of Illinois (Urbana-Champaign Campus). Library and the Union Theoligcal Seminary Library, New York.
=852  41$aBritish Library$bHMNTS$jG.3544.$qCopy at G.3544. Imperfect: Title page cropped affecting imprint date.
=985  \\$aCorrected by BSS-generated file for WR# 11/048
=985  \\$aCorrected by MS generated file for WR# 1805-0738
=985  \\$anIU copy IUA10747: lacking pi1 & K1. Contains frontispiece portrait (plate).$d20071018$inIU
=985  \\$aEEBOMATCH20100930$d9/30/2010$inCU-RivES
=CAT  \\$aCONV$b00$c20040502$lBLL01$h0852
=CAT  \\$c20041119$lBLL01$h1416
=CAT  \\$c20041119$lBLL01$h1425
=CAT  \\$aBATCH$b00$c20091126$lBLL01$h0005
=CAT  \\$aBATCH$b00$c20101223$lBLL01$h1549
=CAT  \\$aBLSS-CORR$b00$c20110421$lBLL01$h1559
=CAT  \\$aBATCH-UPD$b00$c20160810$lBLL01$h1250
=CAT  \\$a3251$b40$c20160810$lBLL01$h1252
=CAT  \\$aW1807-1331$c20180719$lBLL01$h1725
=CAT  \\$a1805-0738$c20180907$lBLL01$h1954
=CAT  \\$a1805-0738$b00$c20180907$lBLL01$h2034
=CAT  \\$a14981E$b40$c20191016$lBLL01$h1523
=FIN  \\$aY
=LEO  \\$aMP1.0000180771
=SRC  \\$aBLS01$bbibmp1.200404.2.aa
=LAS  \\$a14981E$b40$c20191016$lBLL01$h1523

